<record><leader>00000cas a22000007a 4500</leader><controlfield tag="001">37411041</controlfield><controlfield tag="008">970803d196619uuakuwr ne      0    0eng d</controlfield><datafield ind1=" " ind2=" " tag="010"><subfield code="a">sn 97060008 </subfield></datafield><datafield ind1=" " ind2=" " tag="040"><subfield code="a">ANE</subfield><subfield code="b">eng</subfield><subfield code="c">ANE</subfield><subfield code="d">OCLCQ</subfield></datafield><datafield ind1=" " ind2=" " tag="042"><subfield code="a">msc</subfield></datafield><datafield ind1="0" ind2="0" tag="245"><subfield code="a">[Chalkyitsik newspaper].</subfield></datafield><datafield ind1="3" ind2="0" tag="246"><subfield code="a">Chalkyitsik news-paper</subfield></datafield><datafield ind1=" " ind2=" " tag="260"><subfield code="a">Chalkyitsik, Alaska :</subfield><subfield code="b">[Chalkyitsik School students],</subfield><subfield code="c">1966-</subfield></datafield><datafield ind1=" " ind2=" " tag="300"><subfield code="a">v.</subfield></datafield><datafield ind1=" " ind2=" " tag="310"><subfield code="a">Weekly</subfield></datafield><datafield ind1="0" ind2=" " tag="362"><subfield code="a">Vol. 1, no. 1 (Aug. 26, 1966)-</subfield></datafield><datafield ind1=" " ind2=" " tag="500"><subfield code="a">First six issues untitled; issues for Oct. 7, 1966- called Chalkyitsik newspaper.</subfield></datafield><datafield ind1=" " ind2=" " tag="515"><subfield code="a">Irregular vol. and issue numbering.</subfield></datafield><datafield ind1=" " ind2="4" tag="651"><subfield code="a">Chalkyitsik (Alaska)</subfield><subfield code="v">Newspapers.</subfield></datafield><datafield ind1=" " ind2=" " tag="752"><subfield code="a">United States</subfield><subfield code="b">Alaska</subfield><subfield code="d">Chalkyitsik.</subfield></datafield><datafield ind1="1" ind2=" " tag="029"><subfield code="a">AU@</subfield><subfield code="b">000013434728</subfield></datafield></record>